<?xml version="1.0" encoding="UTF-8"?><collection xmlns="http://www.loc.gov/MARC21/slim"><record><leader>00450nam--2200157-i-4500</leader><controlfield tag="001">000026966</controlfield><controlfield tag="002">20161230</controlfield><controlfield tag="005">20170111224512</controlfield><controlfield tag="008">060222s1000------------r-----000-0-eng-d</controlfield><datafield ind1=" " ind2=" " tag="100"><subfield code="a">Kolthoff, I. M</subfield></datafield><datafield ind1=" " ind2=" " tag="245"><subfield code="a">Polarography. Vol.2. Inorganic polarography, organic polarography, biological appl..</subfield></datafield><datafield ind1=" " ind2=" " tag="260"><subfield code="a">New York</subfield><subfield code="b">Interscience</subfield><subfield code="c">1952</subfield></datafield><datafield ind1=" " ind2=" " tag="300"><subfield code="a">XVII+423-990 p</subfield></datafield><datafield ind1=" " ind2=" " tag="700"><subfield code="a">Lingane, James J</subfield></datafield><datafield ind1=" " ind2=" " tag="852"><subfield code="a">12652</subfield></datafield><datafield ind1=" " ind2=" " tag="CAT"><subfield code="a">SYS</subfield><subfield code="c">20170111</subfield><subfield code="h">224512</subfield></datafield></record></collection>